<?xml version="1.0" encoding="UTF-8"?><collection xmlns="http://www.loc.gov/MARC21/slim"><record><leader>00331nam--2200133-i-4500</leader><controlfield tag="001">000040751</controlfield><controlfield tag="002">20161230</controlfield><controlfield tag="005">20161230201042</controlfield><controlfield tag="008">060222s1000------------r-----000-0-eng-d</controlfield><datafield ind1=" " ind2=" " tag="080"><subfield code="a">669.017</subfield></datafield><datafield ind1=" " ind2=" " tag="100"><subfield code="a">Schulze,Gustav E.R</subfield></datafield><datafield ind1=" " ind2=" " tag="245"><subfield code="a">Metallphysik. ein lehrbuch</subfield></datafield><datafield ind1=" " ind2=" " tag="260"><subfield code="a">Berlin, Akadie-verlag, 1967. Xiii + 458 P</subfield></datafield><datafield ind1=" " ind2=" " tag="852"><subfield code="a">29097</subfield></datafield></record></collection>